@inproceedings{abushakra1997inverse,
  title={An inverse model to predict and evaluate the energy performance of large commercial and institutional buildings},
  author={Abushakra, Bass and others},
  booktitle={Building Simulation},
  volume={3},
  pages={403--410},
  year={1997}
}

@inproceedings{jung2014principal,
  title={Principal component analysis in building energy efficiency rating system for apartment housings},
  author={Jung, Ho Gun and Park, Min Cho and Shin, Sung Woo},
  booktitle={Advanced Materials Research},
  volume={919},
  pages={1716--1720},
  year={2014},
  organization={Trans Tech Publ}
}

@incollection{mackay1996bayesian,
  title={Bayesian non-linear modeling for the prediction competition},
  author={MacKay, David JC},
  booktitle={Maximum Entropy and Bayesian Methods},
  pages={221--234},
  year={1996},
  publisher={Springer}
}

@misc{ridgeRegTib2006,
  title={Regularization: Ridge Regression and the LASSO},
  author={Rob Tibshirani},
  year={2006},
  url={http://statweb.stanford.edu/~tibs/sta305files/Rudyregularization.pdf}
}

@misc{granderson2014evaluation,
  title={Evaluation of the Predictive Accuracy of Five Whole Building Baseline Models},
  author={Granderson, Jessica},
  year={2014}
}

@article{flouquet1992local,
  title={Local weather correlations and bias in building parameter estimates from energy-signature models},
  author={Flouquet, F},
  journal={Energy and Buildings},
  volume={19},
  number={2},
  pages={113--123},
  year={1992},
  publisher={Elsevier}
}

@article{Yu20101637,
title = "A decision tree method for building energy demand modeling ",
journal = "Energy and Buildings ",
volume = "42",
number = "10",
pages = "1637 - 1646",
year = "2010",
note = "",
issn = "0378-7788",
doi = "http://dx.doi.org/10.1016/j.enbuild.2010.04.006",
url = "http://www.sciencedirect.com/science/article/pii/S0378778810001350",
author = "Zhun Yu and Fariborz Haghighat and Benjamin C.M. Fung and Hiroshi Yoshino",
keywords = "Building energy consumption",
keywords = "Modeling",
keywords = "Decision tree",
keywords = "Classification analysis "
}

@article{mitchell1997machine,
  title={Machine learning. 1997},
  author={Mitchell, Tom M},
  journal={Burr Ridge, IL: McGraw Hill},
  volume={45},
  pages={37},
  year={1997}
}

@misc{claridge1992statistical,
  title={Statistical Modeling of Daily Energy Consumption in Commercial Buildings Using Multiple Regression and Principal Component Analysis},
  author={Claridge, D and Wu, J and Reddy, TA},
  year={1992},
  publisher={Energy Systems Laboratory (http://esl. eslwin. tamu. edu)}
}

@article{tibshirani2005sparsity,
  title={Sparsity and smoothness via the fused lasso},
  author={Tibshirani, Robert and Saunders, Michael and Rosset, Saharon and Zhu, Ji and Knight, Keith},
  journal={Journal of the Royal Statistical Society: Series B (Statistical Methodology)},
  volume={67},
  number={1},
  pages={91--108},
  year={2005},
  publisher={Wiley Online Library}
}

@article{dodier2004statistical,
  title={Statistical analysis of neural networks as applied to building energy prediction},
  author={Dodier, Robert H and Henze, Gregor P},
  journal={Journal of solar energy engineering},
  volume={126},
  number={1},
  pages={592--600},
  year={2004},
  publisher={American Society of Mechanical Engineers}
}

@article{cao2003support,
  title={Support vector machine with adaptive parameters in financial time series forecasting},
  author={Cao, Li-Juan and Tay, Francis Eng Hock},
  journal={IEEE Transactions on neural networks},
  volume={14},
  number={6},
  pages={1506--1518},
  year={2003},
  publisher={IEEE}
}

@article{dong2005applying,
  title={Applying support vector machines to predict building energy consumption in tropical region},
  author={Dong, Bing and Cao, Cheng and Lee, Siew Eang},
  journal={Energy and Buildings},
  volume={37},
  number={5},
  pages={545--553},
  year={2005},
  publisher={Elsevier}
}

@article{huang2003short,
  title={Short-term load forecasting via ARMA model identification including non-Gaussian process considerations},
  author={Huang, Shyh-Jier and Shih, Kuang-Rong},
  journal={IEEE Transactions on Power Systems},
  volume={18},
  number={2},
  pages={673--679},
  year={2003},
  publisher={IEEE}
}

@misc{lee2004development,
  title={Development and application of an inverse building model for demand response in small commercial buildings},
  author={Lee, KH and Braun, James E},
  year={2004},
  publisher={SimBuild}
}

@article{andersen2000modelling,
  title={Modelling the heat dynamics of a building using stochastic differential equations},
  author={Andersen, Klaus Kaae and Madsen, Henrik and Hansen, Lars H},
  journal={Energy and Buildings},
  volume={31},
  number={1},
  pages={13--24},
  year={2000},
  publisher={Elsevier}
}

@article{brown2012kernel,
  title={Kernel regression for real-time building energy analysis},
  author={Brown, Matthew and Barrington-Leigh, Chris and Brownâ€ , Zosia},
  journal={Journal of Building Performance Simulation},
  volume={5},
  number={4},
  pages={263--276},
  year={2012},
  publisher={Taylor \& Francis}
}

@article{Zhang2015177,
title = "Comparisons of inverse modeling approaches for predicting building energy performance ",
journal = "Building and Environment ",
volume = "86",
number = "",
pages = "177 - 190",
year = "2015",
note = "",
issn = "0360-1323",
doi = "http://dx.doi.org/10.1016/j.buildenv.2014.12.023",
url = "http://www.sciencedirect.com/science/article/pii/S0360132314004405",
author = "Yuna Zhang and Zheng O'Neill and Bing Dong and Godfried Augenbroe",
keywords = "Inverse modeling",
keywords = "Energy performance prediction",
keywords = "Gaussian regression",
keywords = "Comparison "
}

@article{hammarsten1987critical,
  title={A critical appraisal of energy-signature models},
  author={Hammarsten, Stig},
  journal={Applied Energy},
  volume={26},
  number={2},
  pages={97--110},
  year={1987},
  publisher={Elsevier}
}

@article{rabl1992energy,
  title={Energy signature models for commercial buildings: test with measured data and interpretation},
  author={Rabl, Ari and Rialhe, Anne},
  journal={Energy and buildings},
  volume={19},
  number={2},
  pages={143--154},
  year={1992},
  publisher={Elsevier}
}

@article{solomon2011forecasting,
  title={Forecasting energy demand in large commercial buildings using support vector machine regression},
  author={Solomon, David M and Winter, Rebecca Lynn and Boulanger, Albert G and Anderson, Roger N and Wu, Leon Li},
  journal={Department of Computer Science, Columbia University, Tech. Rep. CUCS-040-11},
  year={2011}
}

@article{mocanu2016deep,
  title={Deep learning for estimating building energy consumption},
  author={Mocanu, Elena and Nguyen, Phuong H and Gibescu, Madeleine and Kling, Wil L},
  journal={Sustainable Energy, Grids and Networks},
  volume={6},
  pages={91--99},
  year={2016},
  publisher={Elsevier}
}

@article{wytock2013contextually,
  title={Contextually supervised source separation with application to energy disaggregation},
  author={Wytock, Matt and Kolter, J Zico},
  journal={arXiv preprint arXiv:1312.5023},
  year={2013}
}

@misc{elair,
  title={Air Temperature Forecasting using Radial Basis Functional Artificial Neural Networks},
  author={EL-FEGHI, IDRIS and ZUBI, ZAKARIA SULIMAN and ABOZGAYA, A}
}

@misc{haberl1994bin,
  title={A bin method for calculating energy conservation retrofit savings in commercial buildings},
  author={Haberl, JS and Thamilseran, S},
  year={1994},
  publisher={Energy Systems Laboratory (http://esl. tamu. edu)}
}

@phdthesis{case2012saving,
  title={Saving electrical energy in commercial buildings},
  author={Case, Ryan},
  school={University of Waterloo},
  type={master thesis},
  year={2012},
  publisher={University of Waterloo}
}

@phdthesis{kissock2008methodology,
  title={A methodology to measure retrofit energy savings in commercial buildings},
  school={UMI},
  author={Kissock, John Kelly},
  year={2008}
}

@misc{kissock2003,
title = "Inverse Modeling Toolkit: Numerical Algorithms for Best-Fit Variable-Base Degree Day and Change Point Models.",
year = "2003",
url = "http://oaktrust.library.tamu.edu/handle/1969.1/153708",
author = "John Kelly Kissock and Jeff S. Haberl and David E. Claridge",
}

@misc{mgormley2016,
title = "Neural Networks",
year = "2016",
url = "http://www.cs.cmu.edu/~mgormley/courses/10601b-f16/lectureSlides/lecture15-neural-nets.pdf",
author = "Matt Gormley",
}

@techreport{kreider1994predicting,
  title={Predicting hourly building energy use: The great energy predictor shootout--Overview and discussion of results},
  author={Kreider, Jan F and Haberl, Jeff S},
  year={1994},
  institution={American Society of Heating, Refrigerating and Air-Conditioning Engineers, Inc., Atlanta, GA (United States)}
}

@article{haberl1998great,
  title={The great energy predictor shootout II},
  author={Haberl, JS and Thamilseran, Sabaratnan},
  journal={ASHRAE journal},
  volume={40},
  number={1},
  pages={49},
  year={1998},
  publisher={American Society of Heating, Refrigeration and Air Conditioning Engineers, Inc.}
}

@inproceedings{kissock1994modeling,
  title={Modeling commercial building energy use with artificial neural networks},
  author={Kissock, John Kelly},
  booktitle={Intersociety energy conversion engineering conference},
  volume={3},
  pages={1290--1295},
  year={1994}
}

@inproceedings{Kim2015,
  author = {Kim Hyojin and Haberl Jeff},
  title = {Improving Monthly Weather-Normalized Energy Use Model:
                  Building Energy Use Classification Based on
                  Occupancy},
  booktitle = {2015 ASHRAE Annual Conference},
  address = {Chicago, U.S.},
  year = {2015}
}

@article{reddy1997baselining,
  title={Baselining methodology for facility-level monthly energy use-part 1: Theoretical aspects},
  author={Reddy, T Agami and Saman, Namir F and Claridge, David E and Haberl, Jeff S and Turner, WD and Chalifoux, AT},
  journal={TRANSACTIONS-AMERICAN SOCIETY OF HEATING REFRIGERATING AND AIR CONDITIONING ENGINEERS},
  volume={103},
  pages={336--347},
  year={1997},
  publisher={ASHRAE AMERICAN SOCIETY HEATING REFRIGERATING}
}

@article{fels1986prism,
  title={PRISM: an introduction},
  author={Fels, Margaret F},
  journal={Energy and Buildings},
  volume={9},
  number={1-2},
  pages={5--18},
  year={1986},
  publisher={Elsevier}
}

@misc{eiaNaturalGas2016,
  title = {How much natural gas does the United States have, and how long will it last?},
  author= {U.S. Energy Information Administration},
  howpublished = {\url{http://www.eia.gov/tools/faqs/faq.cfm?id=58&t=8}},
  note = {Accessed: 2016-10-13}
}

@misc{leanEng,
  title = {LEAN Energy Analysis Using Regression Analysis to Assess
                  Building Energy Performance},
  author= {Melissa Donnelly and Jim Kummer and Kirk Drees},
  year = {2013},
  month = 3,
  howpublished = {\url{http://www.eia.gov/tools/faqs/faq.cfm?id=58&t=8}},
  note = {Accessed: 2016-10-20}
}

@misc{ecam2016,
  title = {Interval Data Analysis with the Energy Charting and Metrics Tool (ECAM)},
  author= {D Taasevigen and S Katipamula and W Koran},
  howpublished = {\url{http://www.cacx.org/PIER/ecam/ecam-v2.0-user-guide.pdf}},
  note = {Accessed: 2016-10-20}
}

@misc{firstView2016,
  title = {FirstView},
  year = {2015},
  author= {New Building Institute},
  howpublished = {\url{http://newbuildings.org/product/firstview/}},
  note = {Accessed: 2016-10-20}
}

@misc{firstViewUnder2016,
  title = {Understanding FirstView},
  year = {2015},
  author= {New Building Institute},
  howpublished = {\url{https://newbuildings.org/wp-content/uploads/2015/12/nbi_fv_UnderstandingResults2014.pdf}},
  note = {Accessed: 2016-10-20}
}

@misc{ecamPnnl2016,
  title = {Userâ€™s Guide to Energy Charting and Metrics plus Building
                  Re-tuning and Measurement and Verification (ECAM+)},
  author= {D Taasevigen and W Koran},
  howpublished = {\url{http://buildingretuning.pnnl.gov/documents/pnnl_21160_ver3_ecam_userguide.pdf}},
  note = {Accessed: 2016-10-20}
}

@misc{greentech2013,
  title = {Peak Coal: Will the US Run Out of Coal in 20 Years or 200 Years?},
  author = {Herman Trabish},
  howpublished = {\url{http://www.greentechmedia.com/articles/read/Peak-Coal-Will-the-US-Run-Out-of-Coal-in-200-Years-Or-20-Years}},
  note = {Accessed: 2016-10-14},
  urldate = {2013-10-30}
}

@misc{doeEngEff2016,
  title = {Why Energy Efficiency Upgrades},
  author = {DOE Office of Energy Efficiency \& Renewable Energy},
  howpublished = {\url{http://energy.gov/eere/why-energy-efficiency-upgrades}},
  note = {Accessed: 2016-10-13}
}

@misc{pmWeather,
  title = {Climate and Weather},
  author = {Energy Star Portfolio Manager},
  howpublished = {\url{https://portfoliomanager.energystar.gov/pdf/reference/Climate%20and%20Weather.pdf}},
  note = {Accessed: 2016-10-13}
}

@misc{energyStarDoc,
  title = {ENERGY STAR Score},
  author = {Energy Star Portfolio Manager},
  howpublished = {\url{https://portfoliomanager.energystar.gov/pdf/reference/ENERGY%20STAR%20Score.pdf}},
  note = {Accessed: 2016-11-03}
}

@misc{etracker2003,
  title = {Temperature Data Archive},
  author = {Kelly Kissock},
  year = {2003},
  howpublished = {\url{http://academic.udayton.edu/kissock/http/Weather/}},
  note = {Accessed: 2016-10-14}
}

@misc{energyStarScore,
  title = {How the 1-100 ENERGY STAR score is calculated},
  author = {EPA},
  howpublished = {\url{https://www.energystar.gov/buildings/facility-owners-and-managers/existing-buildings/use-portfolio-manager/understand-metrics/how-1-100}},
  note = {Accessed: 2016-10-28}
}

@misc{etrackerManual2003,
  title = {ETracker User's Manual},
  author = {Kelly Kissock},
  howpublished = {\url{http://academic.udayton.edu/kissock/http/Weather/}},
  note = {Accessed: 2016-10-14}
}

@misc{expSmoothWiki2016,
  title = {Exponential smoothing},
  author = {Wikipedia},
  howpublished = {\url{https://en.wikipedia.org/wiki/Exponential_smoothing}},
  note = {Accessed: 2016-12-17}
}

@misc{rbfWiki2016,
  title = {Radial basis function},
  author = {Wikipedia},
  howpublished = {\url{https://en.wikipedia.org/wiki/Radial_basis_function}},
  note = {Accessed: 2016-12-17}
}

@misc{pcrWiki2016,
  title = {Principal component regression},
  author = {Wikipedia},
  howpublished = {\url{https://en.wikipedia.org/wiki/Principal_component_regression}},
  note = {Accessed: 2016-12-07}
}

@misc{randomForestWiki2016,
  title = {Random forest},
  author = {Wikipedia},
  howpublished = {\url{https://en.wikipedia.org/wiki/Random_forest}},
  note = {Accessed: 2016-12-17}
}

@misc{cvWiki2016,
  title = {Wikipedia},
  author = {Wikipedia},
  howpublished = {\url{https://en.wikipedia.org/wiki/Cross-validation_(statistics)}},
  note = {Accessed: 2016-10-28}
}

@misc{biasWiki2016,
  title = {Wikipedia},
  author = {Wikipedia},
  howpublished = {\url{https://en.wikipedia.org/wiki/Bias_of_an_estimator}},
  note = {Accessed: 2016-10-16}
}

@misc{TobitWiki2016,
  title = {Wikipedia},
  author = {Wikipedia},
  howpublished = {\url{https://en.wikipedia.org/wiki/Tobit_model}},
  note = {Accessed: 2016-10-18}
}

@misc{biasStatWiki2016,
  title = {Wikipedia},
  author = {Wikipedia},
  howpublished = {\url{https://en.wikipedia.org/wiki/Statistic}},
  note = {Accessed: 2016-10-16}
}

@misc{segmentRegWiki2016,
  title = {Wikipedia},
  author = {Wikipedia},
  howpublished = {\url{https://en.wikipedia.org/wiki/Segmented_regression}},
  note = {Accessed: 2016-10-16}
}

@misc{regWiki2016,
  title = {Wikipedia},
  author = {Wikipedia},
  howpublished = {\url{https://en.wikipedia.org/wiki/Regression_analysis}},
  note = {Accessed: 2016-10-16}
}

@misc{ordinaryLeastSquareWiki2016,
  title = {Wikipedia},
  author = {Wikipedia},
  howpublished = {\url{https://en.wikipedia.org/wiki/Ordinary_least_squares}},
  note = {Accessed: 2016-10-17}
}

@misc{r2Wiki2016,
  title = {Wikipedia},
  author = {Wikipedia},
  howpublished = {\url{https://en.wikipedia.org/wiki/Coefficient_of_determination}},
  note = {Accessed: 2016-10-16}
}

@misc{edition2013ashrae,
  title={ASHRAE Handbook-Fundamentals},
  author={Edition, IP},
  year={2013}
}

@techreport{ASHRAE2014,
    author    = "ASHRAE",
    title     = "Measurement of Energy, Demand, and Water Savings",
    institution = "American Society of Heating, Refrigerating and Air-Conditioning Engineers, Inc.",
    ISSN = "1049-894X",
    year      = 2014,
    month = 12
}

@techreport{IPMVP2012,
    author    = "Efficiency Valuation Organization",
    title     = "International Performance Measurement and
                  Verification Protocol, Concepts and Options for
                  Determining Energy and Water Savings Volume 1",
    institution = "Efficiency Valuation Organization",
    year      = 2014,
    month = 1
}
